<record><leader>00000cas a22000007a 4500</leader><controlfield tag="001">18976206</controlfield><controlfield tag="008">890106d18891899mouwr ne      0    0eng d</controlfield><datafield ind1=" " ind2=" " tag="010"><subfield code="a">sn 88068060 </subfield></datafield><datafield ind1=" " ind2=" " tag="040"><subfield code="a">MQN</subfield><subfield code="b">eng</subfield><subfield code="c">MQN</subfield><subfield code="d">OCLCQ</subfield></datafield><datafield ind1="0" ind2="4" tag="245"><subfield code="a">The Clarence republican.</subfield></datafield><datafield ind1="3" ind2="0" tag="246"><subfield code="a">Republican</subfield></datafield><datafield ind1=" " ind2=" " tag="260"><subfield code="a">Clarence, Shelby County, Mo. :</subfield><subfield code="b">R.N. Shanks,</subfield><subfield code="c">-1899.</subfield></datafield><datafield ind1=" " ind2=" " tag="300"><subfield code="a">v.</subfield></datafield><datafield ind1=" " ind2=" " tag="310"><subfield code="a">Weekly</subfield></datafield><datafield ind1="1" ind2=" " tag="362"><subfield code="a">Began in 1889?</subfield></datafield><datafield ind1="0" ind2=" " tag="362"><subfield code="a">-v. 10, no. 32 (May 12, 1899) = -whole no. 505.</subfield></datafield><datafield ind1=" " ind2=" " tag="500"><subfield code="a">Published as: The Republican, May 12, 1899.</subfield></datafield><datafield ind1=" " ind2=" " tag="515"><subfield code="a">Vol. 10, no. 32 repeated in numbering.</subfield></datafield><datafield ind1=" " ind2=" " tag="588"><subfield code="a">Description based on: Vol. 10, no. 12 (Dec. 2, 1898) = Whole no. 484.</subfield></datafield><datafield ind1=" " ind2=" " tag="752"><subfield code="a">United States</subfield><subfield code="b">Missouri</subfield><subfield code="c">Shelby</subfield><subfield code="d">Clarence.</subfield></datafield><datafield ind1="0" ind2="0" tag="785"><subfield code="t">Farmers favorite</subfield><subfield code="w">(DLC)sn 88068061</subfield></datafield></record>